@article{li2016reassessing,
  title={Reassessing trust in the central government: evidence from five national surveys},
  author={Li, Lianjiang},
  journal={The China Quarterly},
  volume={225},
  pages={100--121},
  year={2016},
  publisher={Cambridge University Press}
}

@article{wong2011bases,
  title={The bases of political trust in six Asian societies: Institutional and cultural explanations compared},
  author={Wong, Timothy Ka-ying and Wan, Po-san and Hsiao, Hsin-Huang Michael},
  journal={International Political Science Review},
  volume={32},
  number={3},
  pages={263--281},
  year={2011},
  publisher={Sage Publications Sage UK: London, England}
}

@article{lewis2014chinese,
  title={A Chinese popularity function: Sources of government support},
  author={Lewis-Beck, Michael S and Tang, Wenfang and Martini, Nicholas F},
  journal={Political Research Quarterly},
  volume={67},
  number={1},
  pages={16--25},
  year={2014},
  publisher={Sage Publications Sage CA: Los Angeles, CA}
}

@article{cui2015land,
  title={How Do Land Takings Affect Political Trust in Rural C hina?},
  author={Cui, Ernan and Tao, Ran and Warner, Travis J and Yang, Dali L},
  journal={Political Studies},
  volume={63},
  pages={91--109},
  year={2015},
  publisher={Wiley Online Library}
}

@article{lu2014social,
  title={Social policy and regime legitimacy: the effects of education reform in China},
  author={L{\"u}, Xiaobo},
  journal={American Political Science Review},
  volume={108},
  number={2},
  pages={423--437},
  year={2014},
  publisher={Cambridge University Press}
}

@article{wu2018local,
  title={Local--national political trust patterns: Why China is an exception},
  author={Wu, Cary and Wilkes, Rima},
  journal={International Political Science Review},
  volume={39},
  number={4},
  pages={436--454},
  year={2018},
  publisher={SAGE Publications Sage UK: London, England}
}

@book{bernstein2003taxation,
  title={Taxation without representation in contemporary rural China},
  author={Bernstein, Thomas P and L{\"u}, Xiaobo},
  year={2003},
  publisher={Cambridge University Press}
}

@article{li2004political,
  title={Political trust in rural China},
  author={Li, Lianjiang},
  journal={Modern China},
  volume={30},
  number={2},
  pages={228--258},
  year={2004},
  publisher={Sage Publications}
}

@article{li1996villagers,
  title={Villagers and popular resistance in contemporary China},
  author={Li, Lianjiang and O'Brien, Kevin J},
  journal={Modern China},
  volume={22},
  number={1},
  pages={28--61},
  year={1996},
  publisher={Sage Publications Sage CA: Thousand Oaks, CA}
}


@article{de2014artificial,
  title={Artificial inflation or deflation? Assessing the item count technique in comparative surveys},
  author={De Jonge, Chad P Kiewiet and Nickerson, David W},
  journal={Political Behavior},
  volume={36},
  number={3},
  pages={659--682},
  year={2014},
  publisher={Springer}
}

@article{tsuchiya2007study,
  title={A study of the properties of the item count technique},
  author={Tsuchiya, Takahiro and Hirai, Yoko and Ono, Shigeru},
  journal={Public Opinion Quarterly},
  volume={71},
  number={2},
  pages={253--272},
  year={2007},
  publisher={Oxford University Press}
}

@article{agerberg2019corrupted,
  title={Corrupted Estimates? Response Bias in Citizen Surveys on Corruption},
  author={Agerberg, Mattias},
  journal={Working Paper},
  year={2019}
}


@article{blair2018worry,
  title={When to worry about sensitivity bias: evidence from 30 years of list experiments},
  author={Blair, Graeme and Coppock, Alexander and Moor, Margaret},
  journal={Working Paper},
  year={2018}
}

@article{berinsky2019using,
  title={Using Screeners to Measure Respondent Attention on Self-Administered Surveys: Which Items and How Many?},
  author={Berinsky, Adam J and Margolis, Michele F and Sances, Michael W},
  journal={Working Paper},
  year={2019}
}


@incollection{tsai2010quantitative,
  title={Quantitative research and issues of political sensitivity in rural China},
  author={Tsai, Lily L},
  booktitle={Contemporary Chinese politics: new sources, methods, and field strategies},
  editor= {Carlson, Allen and Gallagher, Mary E and Lieberthal, Kenneth and Manion, Melanie},
  pages={246--265},
  year={2010},
  publisher={Cambridge University Press New York}
}

@article{kramon2019mis,
  title={(Mis) Measuring Sensitive Attitudes with the List Experiment: Solutions to List Experiment Breakdown in Kenya},
  author={Kramon, Eric and Weghorst, Keith},
  journal={Public Opinion Quarterly},
  volume={83},
  number={S1},
  pages={236--263},
  year={2019},
  publisher={Oxford University Press UK}
}

@article{rosenfeld2016empirical,
  title={An empirical validation study of popular survey methodologies for sensitive questions},
  author={Rosenfeld, Bryn and Imai, Kosuke and Shapiro, Jacob N},
  journal={American Journal of Political Science},
  volume={60},
  number={3},
  pages={783--802},
  year={2016},
  publisher={Wiley Online Library}
}

@article{blair2012statistical,
  title={Statistical analysis of list experiments},
  author={Blair, Graeme and Imai, Kosuke},
  journal={Political Analysis},
  pages={47--77},
  volume={20},
  number={1},
  year={2012}
}

@article{glynn2013can,
  title={What can we learn with statistical truth serum? Design and analysis of the list experiment},
  author={Glynn, Adam N},
  journal={Public Opinion Quarterly},
  volume={77},
  pages={159--172},
  year={2013}
}

@article{aronow2015combining,
  title={Combining list experiment and direct question estimates of sensitive behavior prevalence},
  author={Aronow, Peter M and Coppock, Alexander and Crawford, Forrest W and Green, Donald P},
  journal={Journal of Survey Statistics and Methodology},
  pages={43-66},
  year={2015},
  publisher={Oxford University Press}
}

@article{ahlquist2018list,
  title={List experiment design, non-strategic respondent error, and item count technique estimators},
  author={Ahlquist, John S},
  journal={Political Analysis},
  volume={26},
  number={1},
  pages={34--53},
  year={2018},
  publisher={Cambridge University Press}
}

@article{blair2019list,
  title={List experiments with measurement error},
  author={Blair, Graeme and Chou, Winston and Imai, Kosuke},
  journal={Political Analysis},
  year={2019}
}

@Misc{package_list,
  title = {{list}: Statistical Methods for the Item Count Technique and List Experiment},
  author = {Graeme Blair and Kosuke Imai},
  howpublished = {Available at The Comprehensive R Archive Network (CRAN)},
  year = {2010},
  url = {https://CRAN.R-project.org/package=list},
}

@article{riambau2019placebo,
  title={Placebo Statements in List Experiments},
  author={Riambau, Guillem and Ostwald, Kai},
  year={2019}
}

@article{alvarez2019paying,
  title={Paying Attention to Inattentive Survey Respondents},
  author={Alvarez, R Michael and Atkeson, Lonna Rae and Levin, Ines and Li, Yimeng},
  journal={Political Analysis},
  pages={1--18},
  year={2019},
  publisher={Cambridge University Press}
}

@article{berinsky2014separating,
  title={Separating the shirkers from the workers? Making sure respondents pay attention on self-administered surveys},
  author={Berinsky, Adam J and Margolis, Michele F and Sances, Michael W},
  journal={American Journal of Political Science},
  volume={58},
  number={3},
  pages={739--753},
  year={2014},
  publisher={Wiley Online Library}
}

@article{clifford2015attempts,
  title={Do attempts to improve respondent attention increase social desirability bias?},
  author={Clifford, Scott and Jerit, Jennifer},
  journal={Public Opinion Quarterly},
  volume={79},
  number={3},
  pages={790--802},
  year={2015},
  publisher={Oxford University Press}
}

@article{li2019relaxing,
  title={Relaxing the No Liars Assumption in List Experiment Analyses},
  author={Li, Yimeng},
  journal={Political Analysis},
  year={2019},
  pages={1--16},
  publisher={Cambridge University Press}
}

@article{harden2018accounting,
  title={Accounting for Noncompliance in Survey Experiments},
  author={Harden, Jeffrey J and Sokhey, Anand E and Runge, Katherine L},
  journal={Journal of Experimental Political Science},
  pages={1--4},
  year={2018},
  publisher={Cambridge University Press}
}

@article{kane2019no,
  title={No Harm in Checking: Using Factual Manipulation Checks to Assess Attentiveness in Experiments},
  author={Kane, John V and Barabas, Jason},
  journal={American Journal of Political Science},
  volume={63},
  number={1},
  pages={234--249},
  year={2019}
}

@article{imai2011multivariate,
  title={Multivariate regression analysis for the item count technique},
  author={Imai, Kosuke},
  journal={Journal of the American Statistical Association},
  volume={106},
  number={494},
  pages={407--416},
  year={2011},
  publisher={Taylor \& Francis}
}

@article{corstange2009listit,
  title={Sensitive Questions, Truthful Answers? Modeling the List Experiment with LISTIT},
  author={Corstange, Daniel},
  journal={Political Analysis},
  volume={17},
  pages={45--63},
  year={2009},
  publisher={Taylor \& Francis}
}

@article{ahlquist2018error,
  title={List Experiment Design, Non-Strategic Respondent Error, and Item Count Technique Estimators},
  author={John S. Ahlquist},
  journal={Political Analysis},
  volume={26},
  pages={34--53},
  year={2018},
  publisher={Taylor \& Francis}
}

@article{tianetal2017poisson,
  title={Poisson and negative binomial item count techniques for surveys with sensitive question},
  author={Tian, G.-L. and M.-L. Tang and Q. Wu, and Y. Liu},
  journal={Statistical Methods in Medical Research},
  volume={26},
  number={2},
  pages={931--947},
  year={2017},
}

@article{oppenheimer2009imc,
  title={"Instructional Manipulation Checks: Detecting Satisficing to Increase Statistical Power},
  author={Oppenheimer, Daniel M and Tom Meyvis and Nicolas Davidenko},
  journal={Journal of Experimental Social Psychology},
  volume={45},
  pages={867--872},
  year={2009},
}

@article{robinson2019self,
  title={Self-Censorship of Regime Support in Authoritarian States: Evidence from list experiments in China},
  author={Robinson, Darrel and Tannenberg, Marcus},
  year={2019},
  journal={Research \& Politics},
  volume = {6},
  number = {3},
  pages = {2053168019856449},
  year = {2019},
  doi = {10.1177/2053168019856449}
}

@article{aronow2019note,
  title={A Note on Dropping Experimental Subjects who Fail a Manipulation Check},
  author={Aronow, Peter M and Baron, Jonathon and Pinson, Lauren},
  journal={Political Analysis},
  year={2019}
}

@article{holbrookkrosnick2010vote,
journal = {Public Opinion Quarterly},
pages = {37--67},
volume = {74},
publisher = {Oxford University Press},
number = {1},
year = {2010},
title = {Social desirability bias in voter turnout reports},
author = {Holbrook, Allyson L. and Krosnick, Jon A.},
}

@article{mocan2004what,
journal = {NBER Working Paper Series},
pages = {10460},
year = {2004},
title = {What Determines Corruption? International Evidence from Micro
Data},
author = {Mocan, Naci},
}

@article{heath2016explaining,
journal = {Annual Review of Sociology},
pages = {51--79},
volume = {42},
year = {2016},
title = {Explaining Corruption in the Developed World: The Potential of Sociological Approaches},
author = {Heath, Anthony F and Lindsay Richards and Nan Dirk de Graaf},
}

@article{goetz2007cleaners,
journal = {Development and Change},
pages = {87--105},
volume = {38},
number = {1},
year = {2007},
title = {Political cleaners: Women as the new anti-corruption force?},
author = {Goetz, Anne Marie},
}

